@book{lamport1994latex,
  title={LATEX: a document preparation system: user's guide and reference manual},
  author={Lamport, Leslie},
  year={1994},
  publisher={Addison-wesley}
}

@book{goossens1994latex,
  title={The LATEX companion},
  author={Goossens, Michel and Mittelbach, Frank and Samarin, Alexander},
  year={1994},
  publisher={Addison-Wesley Reading}
}

@book{knuth1984texbook,
  title={The texbook},
  author={Knuth, Donald Ervin and Bibby, Duane},
  volume={3},
  year={1984},
  publisher={Addison-Wesley Reading}
}

@patent{IEEEexample:jppat,
  author        = "U. Hideki",
  title         = "Quadrature Modulation Circuit",
  type          = "patentjp",
  number        = "152932/92",
  year          = "1992-05-20"
}

@patent{IEEEexample:frenchpatreq,
  author        = "F. Kowalik and M. Isard",
  title         = "Estimateur d'un D{\'e}faut de Fonctionnement
                   d'un Modulateur en Quadrature et {\'E}tage de Modulation
                   l'Utilisant",
  language      = "french",
  type          = "French Patent Request",
  number        = "9500261",
  year          = "1995-01-11"
}

@patent{IEEEexample:uspat,
  author        = "Ronald E. Sorace and Victor S. Reinhardt and
                   Steven A. Vaughn",
  holder        = "Hughes Aircraft Company",
  location      = "Los Angeles, CA",
  title         = "High-Speed Digital-to-{RF} Converter",
  type          = "patentus",
  number        = "5668842",
  yearfiled     = "1995-02-28",
  year          = "1997-09-16",
}


@inbook{IEEEexample:repeatedauthorone,
  author    = "W. Dai and H. V. Pham and O. Milenkovic",
  title     = "Distortion-rate functions for quantized compressive sensing",
  booktitle =
    "IEEE Information Theory Workshop on Networking and Information Theory",
  year      = "2009"
}

@inbook{IEEEexample:repeatedauthortwo,
  author    = "W. Dai and H. V. Pham and O. Milenkovic",
  title     = "comparative study of quantized compressive sensing schemes",
  booktitle =
    "IEEE Information Theory Workshop on Networking and Information Theory",
  year      = "2009"
}


@thesis{IEEEexample:masterstype,
  author        = "A. Karnik",
  title         = "Performance of {TCP} Congestion Control with Rate
                   Feedback: {TCP/ABR} and Rate Adaptive {TCP/IP}",
  institution   = "Indian Institute of Science",
  type          = "M. Eng. thesis",
  location      = "Bangalore, India",
  year          = "1999-01"
}





@ARTICLE{方军雄2007,
  AUTHOR = {方军雄},
  DATE = {2007},
  JOURNALTITLE = {经济研究},
  PAGES = {82--92},
  TITLE = {所有制, 制度环境与信贷资金配置},
  VOLUME = {12},
}

@ARTICLE{李晓西1994,
  AUTHOR = {李晓西},
  DATE = {1994},
  JOURNALTITLE = {经济研究},
  KEYWORDS = {李晓西1994转轨过程中的结构性通货膨胀},
  NUMBER = {10},
  PAGES = {28--32},
  TITLE = {转轨过程中的结构性通货膨胀},
}


@ARTICLE{刘凤良2017,
  AUTHOR = {刘凤良 and 章潇萌 and 于泽},
  DATE = {2017},
  JOURNALTITLE = {金融研究},
  KEYWORDS = {刘凤良2017},
  NUMBER = {2},
  PAGES = {54--69},
  TITLE = {高投资、结构失衡与价格指数二元分化},
}

@ARTICLE{楼继伟2016,
  AUTHOR = {楼继伟},
  DATE = {2016},
  JOURNALTITLE = {求是},
  KEYWORDS = {楼继伟2016改革},
  NUMBER = {1},
  PAGES = {24--26},
  TITLE = {中国经济最大潜力在于改革},
}

@ARTICLE{吕捷2015cpi,
  AUTHOR = {吕捷 and 王高望},
  DATE = {2015},
  JOURNALTITLE = {经济研究},
  KEYWORDS = {吕捷2015cpi},
  PAGES = {011},
  TITLE = {CPI 与 PPI “背离” 的结构性解释},
  VOLUME = {4},
}